@inproceedings{ICFPCogent,
  author    = {Liam O'Connor and
               Zilin Chen and
               Christine Rizkallah and
               Sidney Amani and
               Japheth Lim and
               Toby C. Murray and
               Yutaka Nagashima and
               Thomas Sewell and
               Gerwin Klein},
  title     = {Refinement through restraint: bringing down the cost of verification},
  booktitle = {Proceedings of the 21st {ACM} {SIGPLAN} International Conference on
               Functional Programming, {ICFP} 2016, Nara, Japan, September 18-22,
               2016},
  pages     = {89--102},
  year      = {2016},
  crossref  = {DBLP:conf/icfp/2016},
  url       = {https://doi.org/10.1145/2951913.2951940},
  doi       = {10.1145/2951913.2951940},
  timestamp = {Tue, 06 Nov 2018 16:59:25 +0100},
  biburl    = {https://dblp.org/rec/bib/conf/icfp/OConnorCRALMNSK16},
  bibsource = {dblp computer science bibliography, https://dblp.org}
}

@phdthesis{AutoCorres,
  author    = {David Greenaway},
  title     = {Automated proof-producing abstraction of {C} code},
  school    = {University of New South Wales, Sydney, Australia},
  year      = {2014},
  url       = {http://handle.unsw.edu.au/1959.4/54260},
  timestamp = {Tue, 13 Nov 2018 14:44:18 +0100},
  biburl    = {https://dblp.org/rec/bib/phd/basesearch/Greenaway14},
  bibsource = {dblp computer science bibliography, https://dblp.org}
}

@ARTICLE{RecursiveTypesForFree,
   AUTHOR = {Philip Wadler},
   YEAR   = {1990},
   URL    = {https://homepages.inf.ed.ac.uk/wadler/papers/free-rectypes/free-rectypes.txt},
   TITLE  = {Recursive types for free!},
}

@inproceedings{CoquandTypes,
  author    = {Thierry Coquand and
               Christine Paulin},
  title     = {Inductively defined types},
  booktitle = {COLOG-88, International Conference on Computer Logic, Tallinn, USSR,
               December 1988, Proceedings},
  pages     = {50--66},
  year      = {1988},
  crossref  = {DBLP:conf/colog/1988},
  url       = {https://doi.org/10.1007/3-540-52335-9\_47},
  doi       = {10.1007/3-540-52335-9\_47},
  timestamp = {Tue, 14 May 2019 10:00:39 +0200},
  biburl    = {https://dblp.org/rec/bib/conf/colog/CoquandP88},
  bibsource = {dblp computer science bibliography, https://dblp.org}
}

@inproceedings{LinearTypesChangeTheWorld,
  author    = {Philip Wadler},
  title     = {Linear Types can Change the World!},
  booktitle = {Programming concepts and methods: Proceedings of the {IFIP} Working
               Group 2.2, 2.3 Working Conference on Programming Concepts and Methods,
               Sea of Galilee, Israel, 2-5 April, 1990},
  pages     = {561},
  year      = {1990},
  crossref  = {DBLP:conf/ifip2/1990},
  timestamp = {Mon, 21 Jan 2019 18:52:11 +0100},
  biburl    = {https://dblp.org/rec/bib/conf/ifip2/Wadler90},
  bibsource = {dblp computer science bibliography, https://dblp.org}
}

@inproceedings{WadlerLinearLogic,
  author    = {Philip Wadler},
  title     = {Is There a Use for Linear Logic?},
  booktitle = {Proceedings of the Symposium on Partial Evaluation and Semantics-Based
               Program Manipulation, PEPM'91, Yale University, New Haven, Connecticut,
               USA, June 17-19, 1991},
  pages     = {255--273},
  year      = {1991},
  crossref  = {DBLP:conf/pepm/1991},
  url       = {https://doi.org/10.1145/115865.115894},
  doi       = {10.1145/115865.115894},
  timestamp = {Wed, 14 Nov 2018 10:55:44 +0100},
  biburl    = {https://dblp.org/rec/bib/conf/pepm/Wadler91},
  bibsource = {dblp computer science bibliography, https://dblp.org}
}

@BOOK{Substructural,
   AUTHOR = {Walker, David},
   YEAR   = {2019},
   MONTH  = {04},
   TITLE  = {Substructural Type Systems},
   URL    = {http://mitp-content-server.mit.edu:18180/books/content/sectbyfn?collid=books_pres_0&id=1104&fn=9780262162289_sch_0001.pdf}
}

@article{Sipser,
  added-at = {2008-03-11T14:52:34.000+0100},
  author = {Rice, H. G.},
  biburl = {https://www.bibsonomy.org/bibtex/207eadfff0be3322a169ba4ac8dad06a4/idsia},
  citeulike-article-id = {2380632},
  interhash = {cf43ca061487d4bfd055633699080373},
  intrahash = {07eadfff0be3322a169ba4ac8dad06a4},
  journal = {Trans. Amer. Math. Soc.},
  keywords = {juergen},
  pages = {358--366},
  priority = {2},
  timestamp = {2008-03-11T14:55:43.000+0100},
  title = {Classes of Recursively Enumerable Sets and Their Decision Problems},
  volume = 74,
  year = 1953
}


@ONLINE{IsabelleTutorial,
   URL = {https://isabelle.in.tum.de/doc/tutorial.pdf},
   AUTHOR = {Tobias Nipkow and Lawrence C. Paulson and Markus Wenzel},
   TITLE = {A Proof Assistant for Higher-Order Logic},
   YEAR = {2018}
}

@ONLINE{KraussIsabelle,
   URL = {https://isabelle.in.tum.de/doc/functions.pdf},
   AUTHOR = {Krauss, Alexander},
   TITLE = {Defining Recursive Functions in Isabelle HOL}
}

@ONLINE{AgdaStrictlyPositive,
   AUTHOR = {Ulf Norell and Andreas Abel and Nils Anders Danielsson and Makoto Takeyama et al.},
   YEAR = {2016},
   URL = {https://agda.readthedocs.io/en/v2.5.2/language/data-types.html#strict-positivity},
   TITLE = {Agda Documentation, Data Types, Strict Positivity},
}

@ONLINE{CoqStrictlyPositive,
   URL = {https://coq.inria.fr/doc/language/cic.html#strict-positivity},
   AUTHOR = {{Inria}},
   TITLE = {Calculus of Inductive Constructions},
   YEAR = {2018}
}

@ONLINE{IsabelleStrictlyPositive,
   URL = {https://isabelle.in.tum.de/website-Isabelle2009-1/dist/Isabelle/doc/logics-HOL.pdf},
   TITLE = {Isabelleâ€™s Logics: HOL},
   AUTHOR = {Tobias Nipkow and Lawrence C. Paulson and Markus Wenzel},
   YEAR = {2009}
}
@article{AboutPrimrecAlgorithms,
  author    = {Loic Colson},
  title     = {About Primitive Recursive Algorithms},
  journal   = {Theor. Comput. Sci.},
  volume    = {83},
  number    = {1},
  pages     = {57--69},
  year      = {1991},
  url       = {https://doi.org/10.1016/0304-3975(91)90039-5},
  doi       = {10.1016/0304-3975(91)90039-5},
  timestamp = {Sun, 28 May 2017 13:20:09 +0200},
  biburl    = {https://dblp.org/rec/bib/journals/tcs/Colson91},
  bibsource = {dblp computer science bibliography, https://dblp.org}
}

@inproceedings{StrucrecStructures,
  author    = {Paul Downen and
               Philip Johnson{-}Freyd and
               Zena M. Ariola},
  title     = {Structures for structural recursion},
  booktitle = {Proceedings of the 20th {ACM} {SIGPLAN} International Conference on
               Functional Programming, {ICFP} 2015, Vancouver, BC, Canada, September
               1-3, 2015},
  pages     = {127--139},
  year      = {2015},
  crossref  = {DBLP:conf/icfp/2015},
  url       = {https://doi.org/10.1145/2784731.2784762},
  doi       = {10.1145/2784731.2784762},
  timestamp = {Tue, 06 Nov 2018 16:59:25 +0100},
  biburl    = {https://dblp.org/rec/bib/conf/icfp/DownenJA15},
  bibsource = {dblp computer science bibliography, https://dblp.org}
}

@article{PredicateStructrec,
  author    = {Andreas Abel and
               Thorsten Altenkirch},
  title     = {A predicative analysis of structural recursion},
  journal   = {J. Funct. Program.},
  volume    = {12},
  number    = {1},
  pages     = {1--41},
  year      = {2002},
  url       = {https://doi.org/10.1017/S0956796801004191},
  doi       = {10.1017/S0956796801004191},
  timestamp = {Sat, 27 May 2017 14:24:34 +0200},
  biburl    = {https://dblp.org/rec/bib/journals/jfp/AbelA02},
  bibsource = {dblp computer science bibliography, https://dblp.org}
}