@ARTICLE{ICFPCogent,
   AUTHOR = {Liam O’Connor and Zilin Chen and Christine Rizkallah and Sidney Amani and Japheth Lim and Toby Murray and Yutaka Nagashima and Thomas Sewell and Gerwin Klein},
   YEAR = {2016},
   TITLE = {Refinement through Restraint: Bringing Down the Cost of Verification},
}
@ARTICLE{AutoCorres,
   AUTHOR = {David Greenaway},
   YEAR = {2014},
   URL = {https://ts.data61.csiro.au/publications/nicta_full_text/8758.pdf},
   TITLE = {Automated proof-producing abstraction of C code}
}

@ONLINE{IsabelleTutorial,
   URL = {https://isabelle.in.tum.de/doc/tutorial.pdf},
   TITLE = {A Proof Assistant for Higher-Order Logic},
   YEAR = {2018}
}
@ONLINE{KraussIsabelle,
   URL = {https://isabelle.in.tum.de/doc/functions.pdf},
   AUTHOR = {Alexander Krauss},
   TITLE = {Defining Recursive Functions in Isabelle/HOL}
}
@ONLINE{AgdaStrictlyPositive,
   AUTHOR = {Ulf Norell and Andreas Abel and Nils Anders Danielsson and Makoto Takeyama and Catarina Coquand and with contributions by Stevan Andjelkovic and Marcin Benke and Jean-Philippe Bernardy and James Chapman and Jesper Cockx and Dominique Devriese and Peter Divanski and Fredrik Nordvall Forsberg and Olle Fredriksson and Daniel Gustafsson and Philipp Hausmann and Patrik Jansson and Alan Jeffrey and Wolfram Kahl and Fredrik Lindblad and Francesco Mazzoli and Stefan Monnier and Darin Morrison and Guilhem Moulin and Nicolas Pouillard and Andrés Sicard-Ramírez and Andrea Vezzosi and Philipp Hausmann},
   YEAR = {2016},
   URL = {https://agda.readthedocs.io/en/v2.5.2/language/data-types.html#strict-positivity},
   TITLE = {Agda Documentation, Data Types, Strict Positivity},
}
@ONLINE{CoqStrictlyPositive,
   URL = {https://coq.inria.fr/doc/language/cic.html#strict-positivity},
   AUTHOR = {{Inria}},
   TITLE = {Calculus of Inductive Constructions},
   YEAR = {2018}
}
@ONLINE{IsabelleStrictlyPositive,
   URL = {https://isabelle.in.tum.de/website-Isabelle2009-1/dist/Isabelle/doc/logics-HOL.pdf},
   TITLE = {Isabelle’s Logics: HOL},
   AUTHOR = {Tobias Nipkow and Lawrence C. Paulson and Markus Wenzel},
   YEAR = {2009}
}
